2598 3367
1282 242 1356 296 12
1436 271 1655 284 --—--·

325 400 488 448 ptores,
513 389 670 444 quippe
687 381 829 428 libera
848 383 1045 426 oratione
1066 394 1188 437 usos,
1208 383 1338 440 patrii
1356 382 1569 425 sermonis
1582 381 1760 440 ingenio
1781 390 1870 426 tam
1888 384 2069 442 turpiter
2087 386 2308 443 mancipa-

328 472 396 502 tos
414 460 553 500 fuisse
574 454 852 506 arbitremur,
887 463 943 502 vt,
973 454 1077 509 quid
1100 452 1318 509 simplicia
1338 454 1451 494 inter
1471 463 1514 494 et
1534 453 1774 508 composita
1795 450 1930 494 verba
1949 457 2194 508 interesset,
2220 465 2308 496 non

330 528 602 585 perciperent
637 535 712 567 aut
737 526 947 566 sentirent
978 521 1166 563 saltem?
1238 521 1325 562 Sed
1356 536 1445 563 non
1477 532 1568 572 est,
1604 521 1719 578 quod
1751 523 1992 579 generatim
2025 525 2309 579 disputemus.

329 598 448 639 Satis
484 604 676 644 constat,
724 601 931 650 quantum
964 589 1153 647 apostoli
1185 592 1428 646 composita
1461 590 1597 634 verba
1626 600 1668 632 et
1698 605 1776 643 ea,
1823 605 1934 648 quae
1965 589 2035 633 bis
2065 594 2311 648 composita

329 675 432 710 sunt
463 666 782 722 (decomposita
814 660 947 717 vulgo
982 658 1229 715 appellant)
1262 657 1494 702 celebrent.
1578 659 1714 702 Tales
1744 661 1877 716 igitur
1909 661 2170 716 scriptores,
2218 661 2313 702 ido·

330 748 460 777 neum
480 746 637 791 graece
661 730 882 788 cogitandi
903 727 1206 785 scribendique
1228 741 1353 769 usum
1377 741 1426 769 ac
1447 730 1660 770 rationem
1683 738 1835 772 nactos
1854 732 1873 756 2
1889 729 1956 785 ²),
1977 743 2063 772 non
2086 737 2152 771 est
2176 729 2313 772 credi·

332 804 445 856 bile,
487 804 638 845 decem
660 810 734 843 aut
754 801 911 857 viginti
936 798 1045 840 locis
1067 800 1112 839 in
1136 812 1182 839 re
1207 798 1440 839 admodum
1460 797 1580 839 facili
1596 828 1607 848 ‚
1640 807 1682 840 et
1706 813 1815 854 quae
1839 812 1892 840 ne
1916 796 1970 840 ab
1995 797 2200 841 hebraico
2221 799 2315 855 qui·

334 874 435 915 dem
467 886 599 914 sensu
631 869 907 920 abhorreret,
944 866 1096 923 lapsos
1126 868 1289 915 fuisse3
1332 868 1588 922 praesertim
1622 880 1717 908 cum
1751 882 1806 908 ea
1836 869 1892 910 sit
1919 869 2130 910 orationis
2163 881 2314 910 eorum

334 940 522 995 indoles,
555 949 625 993 vt,
661 941 701 982 si
726 941 771 982 in
794 940 1046 981 universum
1069 937 1316 988 existimas,
1354 935 1442 977 late
1464 937 1608 991 potius
1632 944 1673 977 et
1696 936 1869 988 diffuse,
1897 951 2025 993 quam
2046 951 2198 994 presse
2218 950 2316 993 par-

337 1026 472 1068 ceque
504 1009 710 1053 scribant.
778 1007 995 1050 Desinant
1027 1008 1185 1063 igitur,
1216 1007 1286 1063 qui
1316 1006 1360 1046 in
1390 1002 1445 1046 N.
1469 1003 1523 1046 T.
1549 1003 1658 1046 nihil
1683 1005 1775 1047 fere
1798 1006 1885 1047 nisi
1917 1004 2192 1049 hebraismus
2211 1006 2317 1049 odo·

336 1089 514 1131 rantur,
551 1081 597 1120 in
618 1078 700 1120 hac
721 1086 837 1119 certe
861 1090 1019 1118 caussa
1042 1076 1268 1133 cupiditati
1298 1088 1402 1117 suae
1426 1072 1679 1131 levitatique
1701 1072 1755 1116 ab
1776 1072 1981 1117 hebraico
2005 1090 2208 1119 sermone
2237 1074 2318 1118 ali-

337 1150 436 1208 quid
461 1147 855 1191 commendationis
879 1155 1042 1202 petere.

474 1215 590 1267 Quid
612 1214 770 1273 igitur?
812 1229 915 1256 num
939 1213 1160 1270 simplicia
1181 1211 1313 1255 verba
1334 1229 1412 1270 pro
1435 1212 1521 1267 his,
1543 1229 1655 1271 quae
1678 1228 1772 1256 cum
1795 1213 2193 1272 praepositionibus
2217 1229 2320 1258 coa-

337 1288 483 1337 luere,
523 1288 566 1328 in
590 1284 646 1329 N.
669 1284 723 1327 Τ.
748 1284 962 1328 collocata
986 1298 1084 1326 esse
1116 1297 1294 1338 prorsus
1316 1298 1366 1325 ac
1386 1285 1627 1339 praefracte
1651 1283 1912 1341 negabimus
1925 1284 1942 1325 2»
1998 1284 2048 1326 Id
2072 1299 2176 1327 vero
2199 1286 2321 1341 equi-

340 1357 439 1399 dem
473 1369 558 1398 non
590 1355 785 1397 fecerim.
856 1352 969 1407 Sed,
1010 1368 1107 1396 cum
1141 1353 1186 1394 in
1218 1351 1437 1396 historicis
1469 1355 1814 1405 commentariis,
1859 1355 1930 1411 qui
1964 1363 2065 1397 sunt
2097 1363 2318 1397 attenuate

340 1428 516 1482 scripti,
552 1427 680 1467 istius
713 1424 1046 1480 permutationis
1078 1437 1157 1464 nec
1187 1436 1369 1464 caussae
1394 1424 1502 1464 satis
1525 1434 1763 1479 appareant
1792 1437 1873 1466 nec
1903 1437 2063 1481 magna
2086 1422 2139 1464 ab
2162 1423 2318 1465 alienis

340 1494 560 1551 exemplis
590 1503 685 1536 orta
715 1492 1028 1548 probabilitas:
1062 1493 1107 1533 in
1134 1490 1247 1533 hanc
1275 1493 1445 1533 animus
1476 1495 1736 1534 sententiam
1764 1492 1972 1545 inclinat,
2009 1502 2054 1534 vt
2078 1491 2207 1534 abiis
2228 1507 2321 1534 ma-

338 1566 460 1609 xime
485 1560 769 1619 scriptoribus
786 1593 798 1613 ,
835 1562 907 1617 qui
932 1561 1146 1603 concitato
1178 1567 1251 1600 aut
1273 1559 1408 1601 alacri
1431 1560 1601 1602 dicendi
1633 1575 1794 1618 genere
1816 1569 1992 1608 utuntur
2020 1559 2233 1620 (Paulum
2257 1563 2322 1604 in-

337 1635 491 1692 primis
515 1634 610 1675 dico
637 1642 679 1673 et
701 1629 962 1684 Iacobum),
996 1627 1212 1683 simplicia
1245 1629 1462 1669 interdum
1493 1643 1573 1684 pro
1604 1631 1859 1685 compositis
1889 1633 2088 1686 usurpari
2122 1632 2319 1687 potuisse

339 1703 528 1747 credam.
600 1700 765 1743 Verum
791 1714 845 1741 ne
867 1713 921 1740 ex
953 1713 1033 1750 eo,
1071 1697 1184 1754 quod
1215 1694 1312 1739 fieri
1344 1699 1508 1752 possit,
1544 1698 1763 1740 iudicasse
1796 1698 1945 1741 videar
1973 1699 2082 1752 hoc,
2119 1701 2230 1756 quod
2255 1701 2322 1742 fa-

339 1783 480 1817 ctum:
519 1786 601 1828 age
620 1773 740 1827 ipsos
763 1767 866 1811 illos
887 1765 943 1809 N.
965 1765 1019 1809 T.
1043 1765 1182 1819 locos,
1213 1781 1320 1823 quos
1346 1766 1476 1809 huius
1501 1767 1810 1822 disputationis
1832 1767 1993 1811 finibus
2016 1768 2320 1812 concluserunt

339 1841 563 1899 theologi,
600 1840 806 1895 deinceps
829 1837 1170 1880 consideremus.
1225 1834 1292 1877 Ac
1310 1841 1495 1892 primum
1520 1837 1693 1894 quidem
1714 1836 1844 1879 facile
1866 1840 2047 1895 quisque
2071 1838 2197 1882 nobis
2220 1853 2321 1883 con-

341 1912 491 1961 cedet,
528 1908 665 1967 probe
698 1908 1016 1964 diligenterque
1048 1905 1287 1949 cavendum
1322 1920 1446 1957 esse,
1488 1921 1542 1947 ne
1574 1916 1647 1948 aut
1677 1905 1801 1948 latini
1837 1916 1912 1949 aut
1943 1910 2074 1963 patrii
2105 1910 2321 1952 sermonis

338 1981 605 2039 proprietate
632 1978 799 2033 decepti
822 1989 982 2034 graeca
1004 1973 1160 2023 verba,
1204 1988 1315 2029 quae
1344 1974 1388 2015 id
1423 1975 1567 2028 ipsum
1605 1975 1863 2030 simpliciter
1892 1976 2164 2033 significant,
2204 1978 2319 2034 quod

341 2058 559 2093 nostrates
592 2047 824 2090 coniuncto
854 2041 1116 2100 praeverbio
1149 2043 1521 2098 exprimunt23),
1568 2057 1646 2099 pro
1679 2046 1933 2101 compositis
1963 2045 2078 2088 dicta
2105 2055 2320 2103 putemus.

431 2209 502 2256 22)
529 2208 695 2246 Mirifice
722 2210 823 2245 enim
854 2208 1062 2252 falluntur,
1086 2209 1150 2255 qui
1184 2207 1406 2254 Apostolos,
1430 2208 1609 2255 quidquid
1638 2210 1872 2253 scriberent,
1906 2210 2087 2246 hebraice
2114 2212 2323 2249 meditato·

340 2276 427 2303 esse
454 2272 495 2302 et
519 2268 739 2314 priusquam
766 2267 1061 2314 consignarent,
1082 2267 1121 2300 in
1141 2274 1320 2313 graecum
1342 2275 1558 2301 sermonem
1578 2269 1815 2304 convertisse
1834 2272 1980 2315 putant.
2033 2270 2221 2306 Nimirum
2250 2267 2324 2307 hot&

337 2328 486 2362 tirones
515 2326 679 2369 faciunt,
707 2338 782 2362 non
808 2329 881 2361 viri
911 2328 1013 2361 inter
1037 2326 1208 2360 Graecos
1235 2325 1393 2358 multum
1422 2328 1564 2360 versati
1593 2337 1809 2372 graecaque
1837 2329 1967 2373 lingua
1995 2330 2164 2373 quotidie
2191 2330 2321 2366 locuti.

336 2384 474 2432 ltaque
500 2383 614 2419 facile
640 2384 871 2421 crediderim
902 2385 1134 2420 sententiam
1162 2392 1269 2417 suam
1300 2387 1580 2419 retractaturos
1602 2395 1688 2419 esse
1719 2389 1786 2419 aut
1809 2385 1882 2419 iam
1913 2386 2059 2431 pridem
2085 2390 2327 2433 retractasse,

338 2442 607 2483 Koresrtnvn,
630 2444 900 2487 quem'magni
929 2444 1030 2476 facio
1057 2446 1097 2476 et
1122 2442 1532 2475 Basrscumzimznvm.
1578 2442 1647 2474 llie
1677 2443 1775 2475 enim
1798 2443 1835 2475 in
1855 2443 1974 2485 libro,
2003 2454 2113 2490 quem
2134 2444 2181 2479 de
2202 2446 2322 2479 mira-

337 2500 434 2536 culis
459 2500 486 2535 1.
504 2498 568 2537 ch.
593 2501 748 2547 scripsit
778 2497 1012 2545 (immanuel
1038 2500 1094 2538 od.
1119 2496 1408 2534 Clam-aeternale
1425 2500 1458 2534 d.
1477 2498 1522 2534 N.
1544 2496 1587 2536 T.
1620 2497 2041 2547 Wundererzitlalungen.
2070 2502 2174 2546 Lips.
2201 2502 2322 2539 1821.

340 2561 377 2595 8.
395 2562 410 2605 )
438 2566 474 2604 p.
495 2559 591 2593 278.
610 2558 707 2593 haec
727 2559 864 2594 habet:
887 2561 980 2593 datu
1000 2561 1098 2600 kam,
1122 2558 1205 2590 dau
1223 2557 1279 2590 die
1304 2557 1404 2605 Verf.
1425 2557 1501 2604 (der
1519 2556 1567 2590 N.
1586 2556 1628 2591 T.
1645 2556 1813 2605 Biiclzer)
1835 2557 2063 2594 aramacicclt
2078 2558 2230 2595 ‹tat—men
2246 2560 2324 2595 und

334 2627 407 2652 nur
432 2614 718 2651 unvollkommen
745 2615 959 2664 griez-hisch
986 2614 1195 2653 schriebem
1219 2626 1329 2660 quem
1359 2615 1511 2660 quidem
1532 2626 1703 2651 errorem
1724 2618 1954 2661 perstrinxit
1970 2617 2194 2651 Scnvuzrvs
2220 2618 2259 2651 in
2283 2628 2319 2652 n.

335 2674 452 2711 theol.
471 2675 593 2710 Anail.
615 2676 738 2710 1822.
758 2676 784 2710 1.
802 2684 837 2722 p.
858 2673 955 2711 381.
1003 2673 1392 2708 Bnn'rscuxsmtnvs
1422 2677 1550 2709 autem
1580 2674 1618 2708 in
1644 2673 1810 2720 praefat.
1840 2675 1887 2710 ad
1913 2675 1947 2711 l.
1967 2675 2060 2710 edit.
2081 2675 2195 2710 lexici
2217 2684 2316 2713 man.

334 2742 369 2778 p.
394 2734 472 2770 12.:
500 2733 710 2776 falluntur,
732 2736 876 2779 inquit,
898 2732 999 2767 haud
1021 2732 1136 2767 dubie
1151 2759 1160 2774 ,
1185 2734 1247 2777 qui
1267 2742 1341 2766 non
1365 2733 1460 2765 satis
1477 2734 1740 2778 perpendunt,
1763 2734 1953 2778 plerosque
1969 2733 2188 2777 scriptorum
2205 2731 2251 2766 N.
2275 2731 2317 2769 T.

335 2801 396 2833 ea,
420 2801 515 2836 qnae
533 2801 672 2838 graece
693 2790 907 2833 scriberent,
928 2790 1089 2836 primum
1109 2788 1294 2823 arumnice
1312 2789 1503 2835 cogitasse.

426 2850 497 2894 23)
525 2850 567 2882 ln
588 2850 723 2884 eodem
746 2859 879 2883 errore
900 2850 1079 2882 videntur
1098 2850 1267 2890 versari,
1292 2849 1354 2893 qui
1378 2849 1445 2881 lat.
1465 2848 1665 2891 quaerendi
1689 2859 1792 2890 voc„
1819 2848 1881 2882 ubi
1910 2849 2103 2893 significat
2127 2846 2316 2890 erwerben,

329 2917 398 2952 pro
419 2907 639 2951 acquirendo
660 2906 802 2943 dictum
826 2910 961 2952 putant
987 2911 1045 2953 (v.
1066 2907 1224 2943 Acrona.
1243 2906 1291 2941 ad
1319 2906 1457 2942 Vellei.
1477 2907 1560 2943 Pat.
1577 2908 1601 2942 2
1616 2932 1625 2950 ‚
1655 2906 1740 2951 18.)
1789 2906 1977 2941 Nimirum
2009 2905 2169 2952 simplici
2198 2906 2316 2942 verbo
