2598 3367
969 205 1304 257 ——-7

295 342 410 407 liges
438 347 553 392 haud
574 345 765 397 teme‘re,
801 351 1007 401 quantum
1034 344 1082 384 in
1106 339 1311 399 gentibus
1342 341 1510 386 ferveat
1541 344 1731 388 studium
1756 360 1783 388 a
1814 346 2089 406 simplicibus
2109 349 2273 405 verbis,

296 433 405 475 quae
427 417 730 461 necessitatem
752 413 1010 456 habuissent
1032 420 1284 467 parentem,
1321 414 1561 469 composita
1578 415 1841 468 declinandi,
1858 433 2052 473 *quorum
2073 429 2194 463 esset
2216 422 2276 463 ad

296 501 473 532 sensum
500 494 543 529 et
564 481 816 547 φαντασίαν
840 481 981 525 maior
999 473 1211 538 quaedam
1240 481 1488 525 iucunditas
1508 491 1551 526 et
1578 486 1702 540 quasi
1726 485 1940 529 viriditas.
2008 487 2096 531 Sed
2123 503 2275 533 rever-¹

294 566 439 602 tamur
463 570 541 610 eo,
576 554 692 597 unde
723 549 965 610 paullulum
998 550 1189 609 digressi
1219 564 1384 595 sumus.
1456 551 1701 597 Verborum
1729 554 2017 613 simplicium,
2052 571 2161 614 quae
2194 572 2273 615 pe·

295 627 454 670 destris
484 626 617 667 etiam
652 636 797 665 sermo
823 619 1044 664 celebrare
1076 621 1272 673 adsolet,
1331 636 1385 663 ea
1411 624 1688 677 potissimum
1718 639 1800 681 pro
1840 627 2094 681 compositis
2126 626 2273 681 locata

297 691 707 746 animadvertimus,
743 706 854 750 quae
878 690 1068 748 aliquam
1097 692 1314 735 actionem
1344 690 1565 745 indicant,
1608 692 1729 737 cuius
1761 683 1985 742 notionem
2016 696 2275 752 quotidiana

295 760 438 809 oratio
457 761 681 808 declarare
702 761 926 806 consuevit
946 762 1186 818 composito
1204 758 1362 814 verbo,
1395 774 1479 818 quo
1500 761 1632 805 simul
1655 764 1774 806 modi
1791 772 1834 806 et
1855 756 2109 809 directionis
2140 779 2273 823 quae·

295 836 395 877 dam
417 834 543 893 quasi
561 834 708 890 imago
728 831 888 873 mentis
908 830 1048 873 oculis
1070 829 1286 873 obiicitur.
1356 828 1470 872 Nam
1499 830 1622 874 cibos
1643 842 1718 875 aut
1742 834 1889 876 vinum
1911 836 2108 877 convivis
2130 848 2271 891 appo·

296 918 405 947 nere
424 902 707 955 (afflenen,
735 904 988 957 vorselzen)
1012 914 1141 942 nemo
1161 914 1249 942 non
1272 899 1435 942 dixerit
1454 901 1502 943 in
1527 904 1746 945 communi
1767 917 1818 945 ac
1837 904 2026 958 pedestri
2048 905 2269 954 oratione3

287 982 449 1031 ,poetae
469 973 658 1030 passim:
688 983 858 1029 ponere
879 969 1058 1023 (senen,
1078 970 1281 1026 stellen),·
1316 982 1384 1026 ap.
1409 966 1551 1014 Tacit.
1573 969 1733 1016 Annal.
1758 977 1804 1023 4,
1830 975 1849 1014 1
1862 975 1907 1015 0.
1927 978 2080 1030 stupro
2101 958 2271 1017 vincire

295 1041 483 1102 aliquem
502 1052 570 1085 est
583 1053 664 1100 pro
686 1039 893 1098 eo,.quod
912 1040 1117 1082 usitatius
1139 1037 1341 1083 scribitur
1361 1039 1584 1085 devincire
1606 1041 1874 1098 (nizarusr.
1897 1043 1951 1085 ad
1972 1041 2014 1085 b.
2037 1041 2109 1102 1.),
2138 1056 2189 1087 ac
2208 1044 2269 1085 si-

293 1112 453 1156 militer
464 1115 510 1155 in
522 1114 593 1162 iis,
618 1125 726 1168 quos
741 1124 872 1167 supra
883 1111 1146 1163 notavimus,
1171 1108 1281 1152 locis
1294 1109 1495 1153 Vmfflmr
1507 1121 1551 1154 et
1564 1111 1783 1154 chnmu
1794 1129 1803 1153 :
1813 1114 1953 1165 ferre
1970 1127 2048 1168 pro
2063 1114 2268 1166 afferre,

292 1197 424 1226 ruere
443 1196 522 1239 pro
555 1194 712 1224 eruere
732 1180 818 1225 dici
838 1177 1153 1223 intelleximus.
1223 1179 1452 1222 Eiusmodi
1474 1181 1590 1223 enim
1614 1183 1840 1225 notionum
1868 1183 1991 1238 quasi
2011 1180 2267 1240 particulas,

294 1251 447 1309 quibus
463 1253 507 1293 in
527 1250 781 1307 quotidiano
798 1263 998 1291 sermone
1019 1263 1147 1291 nemo
1167 1247 1297 1291 facile
1318 1263 1467 1292 carere
1488 1264 1536 1294 se
1550 1265 1683 1308 posse
1702 1260 1839 1308 putat,
1859 1253 2006 1307 posita
2023 1243 2270 1294 universali

294 1322 479 1364 actionis
500 1320 689 1372 notione,
724 1332 803 1374 pro
827 1332 992 1369 eorum,
1029 1332 1140 1374 quae
1162 1318 1310 1360 addita
1330 1319 1507 1369 videris,
1535 1318 1845 1362 vocabulorum
1868 1328 2024 1375 natura
2047 1319 2163 1363 haud
2184 1320 2269 1363 du-

294 1389 367 1434 bie
395 1387 619 1447 supplebis
640 1392 655 1413 ¹
675 1388 731 1443 ¹).
802 1386 891 1429 Sed
919 1390 1112 1443 ineptum
1134 1395 1252 1429 esset
1282 1401 1360 1443 pro
1391 1390 1644 1447 περιαλγεῖν
1675 1390 1821 1433 dicere
1854 1384 2031 1446 ἄλγεῖν;
2073 1402 2116 1432 vt
2146 1390 2266 1432 enim

292 1474 354 1502 ex
376 1459 497 1501 omni
528 1457 777 1499 narratione
810 1465 884 1498 tua
915 1456 1101 1518 denique
1134 1465 1364 1512 appareat,
1405 1462 1576 1513 magm‘e
1603 1457 1792 1514 aliquem
1814 1467 2016 1500 vexatum
2037 1456 2266 1500 doloribus

291 1541 391 1572 esse
405 1559 418 1582 ,
452 1540 580 1569 nemo
601 1535 769 1577 tamen,
793 1526 866 1581 qui
888 1523 1074 1575 dilucide
1098 1538 1149 1566 ac
1169 1524 1402 1579 prudenter
1423 1523 1600 1581 scribit,
1634 1526 1885 1566 dimidiatas
1906 1527 2146 1568 sententias
2164 1539 2267 1582 pro·

290 1598 402 1653 fert,
438 1609 547 1654 quas
566 1593 611 1636 hi
635 1594 709 1651 qui
732 1593 911 1635 audiant
938 1590 1127 1635 molesta
1151 1590 1338 1648 quadam
1374 1598 1418 1633 et
1439 1604 1627 1648 operosa
1656 1591 1939 1637 conclusione
1961 1592 2151 1637 debeant
2169 1608 2268 1652 per-

289 1667 436 1713 ficere.
505 1663 623 1706 Raro
650 1663 781 1705 etiam
808 1676 835 1703 a
859 1671 900 1703 te
922 1658 1202 1717 impetrabiS,
1235 1667 1282 1701 vt
1314 1659 1428 1702 dare
1454 1673 1605 1702 sumas
1635 1675 1712 1718 pro
1743 1663 1953 1715 reddere,
2002 1664 2153 1710 &bere
2184 1678 2263 1720 pro

288 1736 555 1796 praedicere
563 1750 579 1783 ,-
612 1731 721 1774 haec
744 1733 859 1773 enim
882 1727 1142 1786 praeverbia
1163 1743 1250 1771 non
1270 1739 1457 1784 possunt
1475 1731 1564 1772 nisi
1594 1746 1652 1773 ex
1674 1741 1766 1774 tota
1787 1730 1931 1788 aliqua
1950 1728 2265 1776 sententiarum

289 1804 618 1853 continuatione
640 1801 781 1859 repeti
807 1798 862 1844 ab
885 1814 966 1855 eo,
1003 1800 1078 1859 qui
1108 1798 1255 1842 audiat
1283 1796 1354 1842 vel
1373 1795 1508 1858 legat.
1578 1798 1742 1859 Igitur,
1775 1810 1820 1845 vt
1842 1804 2116 1857 summatim,
2152 1816 2264 1862 quae

289 1875 603 1934 exposuimus,
638 1868 1001 1927 comprehendam
1015 1899 1028 1922 ,
1051 1866 1267 1925 simplicia
1288 1866 1422 1910 verba
1441 1883 1522 1925 pro
1544 1872 1798 1931 compositis
1817 1881 2026 1927 usurpata
2048 1886 2147 1913 esse
2170 1882 2264 1914 tum

289 1939 669 1994 existimabimus,
702 1953 799 1982 cum
822 1937 894 1981 vel
915 1936 969 1979 ab
999 1952 1081 1978 usu
1104 1937 1346 1997 communis
1373 1938 1589 1990 sermonis
1620 1939 1870 1981 intermissa
1898 1939 1980 1982 illa
2010 1941 2262 1983 noverimus

287 2014 362 2060 vel
379 2013 437 2057 ad
457 2010 700 2055 sententiae
721 2009 1013 2064 integritatem
1037 2003 1183 2062 aliqua
1204 2001 1512 2061 notione'opus
1533 2017 1633 2049 esse
1654 2005 2008 2061 intellexerimus
2029 2008 2260 2059 eiusmodi,

287 2098 399 2144 qnae
420 2078 745 2139 praepositione
765 2073 899 2120 verbo
920 2074 1121 2118 adiuncta
1140 2074 1185 2116 iu
1206 2086 1259 2116 ea
1278 2073 1375 2131 ipsa
1393 2070 1568 2136 lingua,
1593 2067 1753 2134 ‹ie-qua
1772 2077 2015 2134 quaeritur,
2046 2075 2261 2121 declarari

288 2165 385 2199 cnm
407 2150 606 2195 maxime
629 2145 786 2189 soleat.

420 2219 655 2277 Postquam
677 2216 810 2274 igitur
843 2213 898 2255 de
919 2210 1108 2264 finibus,
1153 2210 1312 2271 quibus
1345 2210 1608 2271 simplicium
1637 2211 1867 2257 verborum
1897 2229 1977 2271 pro
2001 2218 2261 2273 compositis

287 2305 392 2338 vsus
412 2287 763 2344 circumscriptus
787 2298 886 2328 esse
908 2281 1102 2336 videtur,
1139 2280 1432 2341 explicuimus
1455 2282 1615 2342 (quoad
1633 2283 1804 2343 quidem
1823 2285 1869 2327 in
1889 2285 2142 2331 universum
2160 2285 2260 2331 fieri

380 2476 446 2524 11)
473 2465 588 2511 Haud
610 2484 736 2521 pauca
759 2474 873 2510 video
901 2471 974 2508 hnc
1003 2471 1128 2508 relata
1144 2471 1348 2507 verborum
1368 2470 1565 2518 exempla,
1589 2482 1687 2519 quae
1704 2475 1744 2507 et
1762 2473 1912 2519 origine
1933 2473 2007 2509 sua
2024 2476 2065 2508 et
2080 2473 2165 2519 ipso
2189 2484 2261 2508 vsu

287 2534 477 2572 communi
494 2544 580 2569 eam
598 2534 674 2569 vim
693 2531 856 2576 habent,
883 2541 996 2578 quam
1023 2531 1063 2565 in
1085 2530 1305 2578 compositis
1328 2529 1458 2566 verbis
1484 2532 1757 2578 quaesiverunt
1774 2531 2031 2575 grammatici.
2078 2530 2179 2566 Nam
2198 2542 2262 2566 eo-

283 2593 357 2628 lere
383 2597 526 2627 terram
551 2589 615 2626 vel
638 2586 775 2625 urbem
802 2599 878 2624 non
905 2593 966 2624 est
991 2598 1061 2634 pro
1093 2587 1269 2629 incolere,
1303 2587 1372 2622 sed
1395 2588 1548 2632 proprie
1573 2587 1791 2632 usitateque
1825 2586 1979 2622 dicitur.
2026 2587 2073 2622 In'
2094 2587 2168 2623 hoc
2195 2598 2260 2623 au-

281 2655 362 2687 tem
379 2649 575 2686 Ciceronis
602 2645 673 2696 (de
691 2646 773 2684 fato
799 2658 831 2682 c.
856 2646 965 2693 18.)=
992 2646 1202 2682 revertitur
1225 2643 1274 2679 ad
1300 2643 1515 2691 cylindrum
1541 2648 1582 2680 et
1608 2644 1801 2679 turbinem
1827 2655 1959 2688 suum,
1987 2655 2086 2693 quae
2110 2646 2257 2681 moveri

280 2708 465 2754 incipere,
483 2706 556 2742 nisi
566 2706 700 2751 pulsa,
717 2716 793 2741 non
811 2708 991 2752 possunt,
1015 2714 1132 2750 aegre
1149 2701 1342 2748 intelligo,
1367 2713 1435 2738 cur
1452 2702 1634 2738 Barnun
1657 2702 1768 2748 pulsa
1788 2712 1858 2749 pro
1874 2701 2036 2747 impulsa
2051 2704 2184 2745 valere
2202 2703 2259 2738 oi-

281 2762 365 2809 cat3
381 2765 512 2804 ,multo
532 2764 648 2800 etiam
664 2764 790 2799 minus
811 2764 1004 2799 assentior
1021 2760 1110 2797 huic
1126 2760 1350 2807 interpreti,
1374 2761 1453 2796 Cic.
1467 2761 1577 2803 Brut.
1600 2759 1669 2797 54.
1691 2771 1821 2795 nervos
1837 2761 1973 2805 pellere
1996 2762 2081 2810 pari
2102 2761 2257 2798 ratione

281 2822 501 2868 explicanti.
545 2822 723 2869 Denique
740 2821 839 2868 Nep.
855 2822 968 2860 Attio.
994 2819 1060 2857 15.
1076 2816 1198 2854 vera-i
1210 2819 1287 2854 uua
1301 2816 1434 2854 valere
1452 2819 1478 2853 i.
1497 2830 1532 2866 q.
1547 2817 1709 2854 revereri
1725 2818 1928 2866 apparebit
1952 2819 2089 2865 opfinor
2118 2829 2167 2855 ex
2197 2821 2257 2861 iis,

279 2891 377 2927 quae
395 2879 683 2915 Dosnnnnmvs
701 2878 934 2927 (Sgnonym.
955 2877 1005 2914 11.
1022 2887 1060 2925 p.
1087 2875 1205 2924 186.)
1224 2878 1449 2923 persecutus
1467 2880 1539 2911 est.
