2598 3367
1228 217 1299 270 13

270 353 384 399 Nam
408 351 533 398 Rom.
563 358 623 398 10
639 384 652 407 ,
682 356 723 396 5.
751 352 952 407 ΙῑΙωῦσῆς
980 370 1045 412 γρ
1060 351 1192 414 cirpea
1225 349 1306 408 τὴν
1328 352 1609 409 δικαιοσύνην
1631 350 1712 411 τὴν
1736 353 1781 400 ἐκ
1803 354 2094 414 νόμουῃεηιο
2117 357 2247 403 hodie

273 425 378 477 erit,
413 426 483 481 qui
506 438 602 467 cum
630 423 796 465 Furem
819 423 973 481 (Clav.
996 423 1153 479 Script.
1175 422 1220 464 S,
1243 433 1363 468 tract.
1390 429 1434 467 3.
1458 439 1497 480 p.
1526 426 1668 482 142.)
1695 435 1864 481 praeter
1889 429 2250 471 consuetudinem

272 504 345 537 aut
367 493 597 536 hebraicae
627 492 805 549 linguae
828 494 1136 535 convenienter
1162 494 1368 549 scriptum
1394 496 1609 550 opinetur.
1682 492 1954 551 Quamquam
1987 499 2105 540 enim
2140 512 2267 551 nost,

271 562 421 605 Moses
460 560 790 604 &schreibt
823 562 894 604 dle
919 561 1246 618 Gerecklz'gkeit
1266 561 1593 622 (ὁιαγράφειζθ)
1615 571 1693 607 etc.
1711 595 1723 616 ,
1757 563 1944 607 Graecis
1968 574 2112 608 tamen
2135 568 2247 610 adeo

268 628 455 692 γράφειν
478 647 577 674 τινα
601 629 682 685 (cf.
701 628 792 672 Ioa.
820 634 863 683 1,
887 630 995 686 46.)
1019 632 1062 672 in
1086 634 1204 674 tenui
1225 640 1268 672 et
1290 632 1481 687 pedestri
1505 634 1747 685 oratione„
1762 635 1923 688 pariter
1954 643 2083 690 atque
2119 633 2251 679 εἰπεῖν

244 708 369 744 ’τινα
390 697 461 743 vel
482 700 617 754 λέγειν
637 714 758 751 τινα,
795 697 932 741 valet:
970 700 1024 741 de
1055 701 1202 756 aliquo
1228 700 1422 742 scribere
1454 691 1740 751 (schreibem‘l
1759 701 2002 745 Jemmzden
2025 708 2250 760 meinen);

269 783 350 812 nec
381 767 606 811 Romanos
638 776 809 810 constat
839 767 894 810 ab
924 767 1008 810 hoc
1045 767 1165 810 verbi
1197 768 1411 824 simplicis
1439 782 1521 810 usu
1556 767 1843 823 abstinuisse,
1885 775 2044 828 quippe
2078 774 2249 816 descre-

270 837 405 881 bendi
436 835 648 880 vocabulo
691 838 862 893 parcius
908 836 1174 879 nostratibus
1215 852 1318 879 usos
1341 839 1434 893 2⁴).
1518 838 1719 880 Pendere
1749 838 1802 880 ab
1839 842 1941 882 alec.
1979 848 2248 884 auclorz'lale

271 908 418 950 dicunt
447 906 620 958 Latini,
651 920 738 948 non
774 907 1034 963 dependere.
1101 905 1335 963 Perperam
1370 908 1503 964 igitur
1536 907 1724 960 faceret,
1764 909 1837 964 qui
1866 911 1908 950 in
1941 911 2025 951 ista
2055 909 2246 954 formula

270 974 326 1019 ob
358 976 488 1033 patrii
523 977 736 1018 sermonis
768 977 1071 1032 proprietatem
1106 976 1296 1033 simplex
1330 990 1407 1033 pro
1442 978 1683 1032 composito
1717 990 1817 1018 esse
1857 981 2134 1021 contenderet
2155 981 2247 1036 ²⁵).

269 1044 351 1088 Mt.
386 1048 440 1098 5,
475 1048 553 1087 28.
596 1043 685 1096 πᾶς
720 1044 744 1088 ὁ
788 1046 1013 1100 βλέπων
1053 1048 1242 1102 γυναῖκα
1282 1041 1394 1104 πρὸς
1429 1041 1478 1088 τὸ
1516 1044 1800 1102 ἐπιθυμῆσαι
1847 1042 1983 1101 αὐτῆς
2019 1047 2110 1088 noli
2152 1062 2247 1090 cum

269 1114 524 1158 KvmoEmo
556 1114 718 1156 dictum
752 1112 951 1156 arbitrari
986 1128 1086 1169 pro:
1134 1115 1223 1166 πᾶς
1268 1113 1291 1158 ὀ
1323 1114 1624 1169 ἐμβλέπων
1659 1118 1832 1171 γυναικί
1868 1118 1956 1172 (ita
1981 1118 2112 1159 estin
2138 1130 2247 1158 non-

269 1183 403 1227 nullis
436 1183 558 1226 codd.
588 1197 615 1224 a
645 1181 906 1240 glossatoris
937 1184 1095 1241 manu)
1127 1182 1198 1225 vel
1227 1181 1316 1234 πᾶς
1343 1181 1367 1226 ὁ
1396 1183 1570 1237 βλέπων
1591 1179 1652 1234 εἰς
1671 1188 1857 1239 γυναῖκα
1889 1184 2024 1240 (Gen.
2053 1189 2139 1236 19,
2168 1188 2245 1227 17.

267 1253 359 1296 Ioa.
388 1256 474 1302 13,
511 1257 590 1295 22.
627 1252 721 1294 Act.
749 1256 804 1302 3,
840 1253 916 1307 4.)
949 1262 1054 1294 cet.:
1099 1267 1199 1294 nain
1229 1268 1323 1296 voc.
1354 1250 1551 1307 βλέπειν,
1589 1255 1753 1295 cumin
1776 1256 2028 1297 universum
2068 1254 2252 1298 ridenda·

268 1324 376 1378 (uon
399 1321 539 1365 solum
563 1321 882 1379 conspiciendi)
907 1323 993 1364 vim
1017 1320 1178 1365 habeat
1197 1325 1214 1348 2
1230 1322 1300 1378 6),
1332 1319 1591 1363 translatum
1612 1330 1678 1363 est
1701 1323 1831 1364 etiam
1855 1323 1909 1364 ad
1932 1337 2005 1373 ea,
2038 1337 2148 1379 quae
2169 1323 2249 1365 ad-

268 1397 516 1448 spiciuntur
537 1392 933 1448 (spectanturque),
970 1399 1016 1432 vt
1050 1395 1069 1431 1
1091 1390 1191 1446 Cor.
1218 1395 1258 1440 1,
1281 1394 1361 1432 26.
1391 1391 1569 1446 βλέπετε
1591 1386 1673 1443 τήν
1694 1390 1850 1444 κλῆσιν
1871 1391 2016 1447 ὑμῶν,
2062 1397 2080 1433 1
2096 1396 2139 1444 Ο,
2170 1396 2246 1434 18.

266 1462 445 1518 βλέπετε
467 1457 545 1505 τὸν
561 1455 739 1515 Ἰσραὴλ
761 1455 876 1503 κατὰ
897 1453 1067 1517 σάρκα,
1105 1458 1231 1502 Cant.
1257 1463 1298 1509 1,
1318 1463 1361 1502 6.
1387 1460 1447 1514 μὴ
1466 1459 1662 1519 βλέψητὲ
1680 1476 1733 1516 με
1756 1458 1824 1505 ὅτι
1847 1458 1930 1516 ἐγώ
1951 1466 2036 1517 εἰμι
2056 1463 2245 1516 μεμελα-

267 1530 436 1588 νωμένη
457 1534 475 1558 2
493 1532 549 1588 7).
619 1527 745 1571 Nihil
769 1529 865 1572 dico
888 1527 1059 1571 deloco
1086 1533 1105 1570 1
1136 1527 1233 1571 Cor.
1264 1531 1349 1581 10,
1378 1531 1454 1570 13.
1477 1524 1722 1586 πειρασμὸς
1748 1523 1869 1584 ὑμᾶς
1890 1528 1970 1574 οὐκ
1995 1530 2244 1591 εἴληφεν,

267 1718 308 1754 id
334 1718 457 1763 ipsum
482 1716 606 1760 inest3
629 1727 700 1751 nec
717 1715 828 1760 licet,
853 1712 954 1763 quod
980 1713 1095 1763 vulgo
1122 1719 1350 1763 usurpatur,
1378 1725 1449 1757 eo,
1473 1710 1572 1761 quod
1597 1711 1792 1761 aliquanto
1812 1717 1958 1759 rarius,
1984 1716 2247 1762 interpretari.

269 1775 456 1812 Similiter
471 1775 648 1810 existimo
666 1774 713 1809 de
733 1786 769 1808 v.
791 1779 898 1818 ἔχειν,
922 1775 986 1809 ubi
1006 1784 1074 1819 pro
1094 1776 1251 1817 κατέχειν
1271 1774 1495 1808 collocatum
1520 1783 1606 1807 esse
1626 1774 1777 1815 volunt,
1799 1779 1837 1808 et
1856 1775 1902 1809 de
1923 1778 2014 1817 ἔστι,
2040 1775 2138 1821 quod
2155 1776 2247 1810 olim

268 1835 387 1870 verbo
405 1836 510 1872 ἔξεστι
528 1833 773 1877 interpretari
793 1836 1092 1875 censueverant3
1119 1843 1203 1866 nam
1220 1844 1227 1865 ε
1248 1837 1299 1865 en
1317 1830 1411 1865 seire
1432 1830 1505 1873 (ein
1527 1829 1797 1876 lVinsenfindet
1811 1831 1921 1875 Stati>
1941 1834 2025 1879 ipsa
2046 1833 2247 1879 principali

270 1890 602 1936 significationem
621 1900 706 1924 eum
729 1891 868 1924 dicitur
890 1900 1064 1930 sensum,
1086 1893 1127 1922 vt
1144 1889 1302 1924 indicet:
1327 1888 1421 1923 scire
1441 1887 1542 1930 licet,
1561 1887 1651 1922 sciri
1668 1894 1796 1932 potest,

359 1948 431 1992 24)
456 1947 563 1992 Apud
582 1948 754 1992 Euripid.
772 1947 916 1982 Phoen.
935 1947 1016 1982 587
1043 1945 1157 1990 (583)
1185 1944 1405 1987 inscribendi
1431 1945 1528 1978 adeo
1548 1955 1701 1978 sensum
1724 1945 1839 1980 habet
1859 1957 1938 1979 voc.
1967 1947 2130 1992 γράφειη
2158 1957 2243 1980 nam

272 2004 431 2051 quaeibi
446 2004 645 2049 leguntur:
664 2006 721 2038 καὶ
740 2005 847 2039 σκῦλα
866 2003 1012 2049 γράψεις
1029 2013 1051 2036 a
1065 2003 1335 2037 V.⁴1.cxssxffl11
1353 2001 1622 2034 emendatione
1643 2004 1769 2045 (quam
1790 2003 1911 2037 secuti
1932 2008 2020 2035 sunt
2033 2000 2243 2036 l'oasoxvs

276 2067 315 2099 et
333 2062 627 2105 MA'rrmAEivs)
655 2061 765 2097 docte
785 2061 991 2096 vindicavit
1013 2059 1269 2093 SCHAEFERVS
1286 2052 1333 2093 ad
1354 2056 1391 2092 h.
1410 2057 1435 2092 1.

364 2120 435 2166 25)
456 2120 498 2153 In
509 2113 1239 2162 similemincurruntreprehensionem,
1256 2119 1317 2162 qui
1334 2125 1470 2159 ponere
1486 2115 1585 2159 apud
1605 2116 1746 2149 latinos
1766 2117 1971 2161 scriptores
1982 2128 2049 2161 pro
2067 2116 2245 2160 deponere

269 2176 445 2211 adhiberi
469 2181 645 2211 statuunt
662 2179 698 2211 in
720 2177 800 2211 his:
823 2174 1017 2217 invidiam,
1035 2184 1227 2219 personam
1246 2171 1470 2216 adversarii,
1494 2171 1585 2208 vitia
1605 2184 1741 2219 ponere
1767 2173 1815 2208 cf.
1835 2173 2171 2211 DRACKENBORCH.
2193 2172 2242 2209 ad

270 2233 340 2274 Sil.
368 2233 449 2269 ital.
476 2232 522 2276 3,
549 2233 646 2270 571.
691 2234 882 2269 vauxx
915 2233 963 2267 ad
984 2232 1127 2266 Lucan.
1159 2232 1200 2275 1,
1228 2230 1327 2266 451.
1381 2231 1439 2264 lta
1466 2231 1566 2264 enim
1593 2232 1630 2264 in
1661 2239 1775 2276 prosa
1801 2233 1977 2266 oratione
2007 2237 2083 2265 tam
2110 2233 2245 2267 crebro

270 2299 424 2339 tamque
450 2294 591 2327 usitate
616 2294 776 2335 dicitur,
800 2297 841 2325 vt
868 2291 1026 2335 ponendi
1050 2292 1207 2326 verbum
1236 2291 1351 2324 latius
1380 2290 1478 2335 apud
1499 2289 1691 2324 Romanos
1712 2291 1881 2335 patuisse
1909 2290 2106 2332 videatur,
2134 2301 2246 2337 quam

273 2362 379 2387 vern.
409 2350 560 2397 legen.
608 2351 742 2398 ltaque
767 2352 799 2385 si
827 2350 903 2385 illis
926 2350 1088 2395 placuit:
1106 2345 1235 2382 Felzler
1256 2347 1391 2394 legen
1416 2346 1513 2392 (cfr.
1537 2350 1656 2382 nostr.
1684 2345 1746 2381 der
1774 2347 1874 2381 Zorn
1897 2347 1996 2394 lege
2019 2344 2144 2391 sich),
2168 2357 2243 2382 non

270 2411 496 2454 propterea,
530 2409 630 2454 quod
648 2409 829 2442 Germani
858 2408 1009 2453 ablegen
1033 2408 1178 2447 dicunt,
1201 2407 1431 2439 videbuntur
1447 2408 1609 2450 simplex
1634 2407 1791 2440 verbum
1815 2417 1883 2450 pro
1909 2408 2118 2451 composito
2141 2417 2247 2441 usur-

267 2477 394 2513 passe.
439 2467 561 2513 Atque
582 2466 654 2502 hoc
673 2472 753 2510 est,
776 2467 875 2514 quod
897 2477 1010 2513 supra
1030 2467 1078 2512 (p.
1102 2466 1154 2512 7.)
1174 2465 1391 2511 tetigimus,
1414 2476 1460 2500 ex
1479 2463 1587 2500 liuius
1606 2464 1740 2512 ipsius,
1767 2464 1814 2500 de
1835 2474 1908 2512 quo
1929 2464 2146 2513 quaeritur,
2170 2473 2248 2500 ser-

268 2524 393 2559 monis
406 2533 477 2557 usu
493 2524 653 2559 iudicari
674 2524 815 2559 debere
831 2525 1055 2571 simplicium
1074 2528 1113 2558 et
1132 2525 1426 2568 compositorum
1444 2526 1778 2568 permutationem.

365 2581 435 2624 26)
461 2582 508 2616 V.
528 2592 625 2627 quae
645 2583 692 2616 de
712 2582 823 2616 huius
843 2584 1016 2617 vocabuli
1033 2583 1268 2627 proprietate
1291 2581 1534 2626 disputarunt
1555 2582 1799 2615 acutissimus
1825 2581 2083 2614 Tmrmmvs
2108 2578 2247 2625 (Syno-

270 2648 371 2685 nym.
389 2637 437 2673 N.
454 2638 500 2672 T.
524 2639 552 2673 1.
569 2649 603 2685 p.
633 2640 643 2675 l
661 2642 675 2674 l
691 2642 723 2675 l.
740 2643 835 2686 sqq.)
858 2644 896 2675 et
919 2639 1207 2674 Dortmznmnvs
1228 2636 1376 2680 (laeein.
1398 2636 1592 2685 Synonym.
1610 2649 1644 2674 u.
1658 2637 1819 2685 Etymol.
1843 2635 1911 2673 IV.
1932 2647 1971 2682 p.
1994 2636 2074 2672 315
2094 2639 2202 2681 sqq).

363 2697 434 2741 27)
458 2696 591 2742 ltaque
607 2699 844 2734 tolerandam
867 2709 1005 2733 censeo
1026 2700 1136 2732 istius
1152 2687 1369 2732 sententiae
1387 2699 1746 2742 interpretationem
1767 2697 1882 2741 vulgo
1899 2700 2090 2740 receptam
2113 2691 2246 2736 (jeder,

269 2753 333 2788 der
355 2754 434 2790 eine
451 2753 554 2790 Fran
574 2755 731 2799 ansiem,
759 2755 815 2790 die
834 2756 967 2801 Augen
990 2754 1065 2803 auf
1082 2754 1134 2789 sie
1153 2753 1304 2799 richtet)
1318 2780 1328 2798 ‚
1352 2765 1566 2802 quanquam
1589 2766 1662 2790 non
1688 2765 1842 2800 prorsus
1864 2752 2080 2798 negaverim
2095 2775 2105 2792 ‚
2127 2750 2247 2784 verba

268 2813 325 2846 ita
343 2814 460 2858 etiam
481 2815 654 2849 enarrari
676 2824 807 2859 posse:
832 2813 1036 2857 quicunque
1052 2812 1131 2847 visa
1148 2813 1298 2848 muliere
1325 2814 1376 2847 ad
1392 2813 1574 2848 libidinem
1599 2813 1819 2849 accenditur.
1868 2813 1978 2845 llaec
1999 2810 2097 2842 enim
2130 2808 2248 2853 expli-

269 2871 368 2905 catio
396 2881 517 2917 nuper
536 2872 679 2917 placuit
696 2872 929 2907 Trrrmsxo
950 2871 975 2906 l.
995 2883 1042 2915 c.,
1066 2873 1128 2918 qui
1149 2876 1278 2908 tamen
1296 2882 1370 2908 non
1389 2871 1556 2908 debebat
1574 2872 1748 2909 vocabuli
1774 2873 1910 2914 βλέπειν
1928 2864 2245 2911 significationem
