2598 3367
1248 235 1283 288 6

266 385 437 437 repetat
453 377 522 433 ⁸);
553 374 673 418 velut
693 374 733 417 si
752 372 994 416 Vmennvs
1018 374 1173 432 Eclog.
1200 379 1227 419 9
1243 405 1256 428 ,
1284 377 1361 418 51.
1383 375 1522 416 canit:
1561 378 1704 417 omnia
1715 376 1828 429 fert
1846 382 1996 429 aetas,
2034 379 2253 421 neminem

267 448 438 496 latebit,
463 447 643 500 opinor,
670 444 716 486 id
732 457 854 486 esse:
890 446 1037 485 omnia
1062 445 1224 495 affert
1248 443 1320 497 (cf.
1344 443 1580 486 BvRMANN.
1606 444 1660 486 ad
1679 444 1835 487 Valer.
1856 447 2002 491 Flacc.
2025 451 2079 498 2,
2108 450 2255 504 577.)-

271 515 515 561 Considera
546 513 704 565 modo,
742 527 851 570 quae
883 512 1168 556 antecedunt:
1205 513 1353 556 insere
1384 515 1531 570 piros,
1568 523 1748 570 carpent
1778 522 1853 557 tua
1885 529 2019 572 poma
2050 524 2256 573 nepotem

273 586 409 641 adde,
443 599 554 643 quae
587 587 897 643 insequuntur:
935 597 1068 641 saepe
1092 596 1177 640 ego
1206 581 1369 641 longos
1401 584 1618 627 cantando
1638 598 1822 640 puerum
1853 587 2032 628 memini
2055 600 2125 629 me
2154 599 2259 630 con-

273 657 378 699 dere
411 655 554 706 soles,
592 668 707 695 nunc
734 653 872 696 oblita
893 653 1001 695 mihi
1025 655 1307 695 torcat-mina
1327 661 1406 694 cet.
1478 653 1608 709 Apud
1628 654 1831 696 chnew.
1851 669 1959 697 vero
1992 652 2081 714 (6,
2115 658 2256 712 726.)

273 740 398 769 utare
425 728 517 767 ruit
534 737 718 766 arenam
746 725 846 779 ipsa
869 722 979 766 haec
1002 722 1235 766 verborum
1266 724 1538 766 continuatio
1570 732 1720 780 aperte
1750 725 1903 776 docet,
1938 739 2070 768 ruere
2095 723 2259 767 dictum

273 809 354 853 pro
379 806 538 837 eruere
568 791 683 835 esse.
757 791 898 837 Multo
930 794 1074 836 minus
1102 791 1399 851 virgilianum
1429 792 1568 836 illud:
1604 792 1757 836 discite
1781 818 1852 825 —-
1871 818 1941 826 —
1962 807 2051 837 non
2069 799 2261 837 temnere

276 864 403 908 divos
422 863 561 920 (Aen.
587 867 640 913 6,
665 863 833 919 920.),
858 872 930 905 aut
954 862 1060 913 hoc,
1097 864 1210 920 quod
1233 864 1428 904 eiusdem
1448 872 1605 920 poetae
1627 872 1716 904 est:
1757 864 1871 905 inter
1891 878 1938 905 se
1961 865 2121 906 coiisse
2141 864 2261 905 viros

277 942 323 977 et
345 946 528 976 cernere
548 932 683 984 ferro,
716 947 976 989 quemquam
1000 931 1252 974 morabitur.
1289 932 1377 974 Sed
1401 934 1461 974 ita
1477 931 1647 988 delapsi
1668 947 1817 974 sumus
1833 934 1879 974 in
1896 931 2115 988 peculiare
2131 931 2264 988 quod-

278 1002 381 1046 dam
413 1015 555 1061 genus
590 1000 851 1058 simplicium
881 1000 1140 1055 verborum,
1177 1016 1287 1059 quae
1311 1016 1390 1059 pro
1414 1004 1668 1059 compositis
1693 1001 1837 1046 valere
1859 1016 1991 1060 posse
2021 1001 2269 1045 videantur.-

278 1071 393 1116 Sunt
413 1070 614 1115 obsoleta
634 1070 872 1124 vocabula,
902 1086 1012 1131 quae
1042 1072 1210 1130 pridem
1234 1072 1476 1130 quotidiani
1506 1074 1721 1116 sermonis
1747 1073 2015 1117 consuetudo
2039 1070 2110 1116 vel
2128 1073 2264 1114 inter.-

278 1144 401 1184 misit
422 1141 737 1198 aliquantulum
760 1141 831 1183 vel
855 1157 1036 1198 prorsus
1060 1144 1286 1198 deposuit,
1322 1145 1384 1185 ita
1404 1144 1603 1200 quidem,
1634 1153 1680 1185 vt
1701 1158 1849 1186 eorum
1870 1143 1969 1185 loco
2000 1141 2265 1185 confinxerit

280 1212 541 1267 antepositis
569 1209 840 1267 praeverbiis
865 1211 971 1254 talia
987 1243 1000 1264 ‚
1039 1227 1150 1269 quae
1176 1211 1440 1269 simplicium
1465 1215 1725 1255 sententiam
1755 1212 1905 1269 paullo
1933 1211 2165 1255 dilucidius
2191 1220 2265 1253 aut

281 1280 471 1324 alacrius
504 1282 805 1337 exprimerent
824 1282 881 1337 ⁹).
948 1280 1091 1323 Multa
1122 1282 1252 1324 istius
1283 1282 1427 1335 modi,
1469 1297 1580 1339 quae
1616 1297 1729 1325 nunc
1756 1283 1986 1325 fastidiunt
2013 1280 2263 1338 populares»,

279 1352 474 1407 reperire
494 1349 599 1393 licet
620 1352 668 1393 in
688 1349 903 1394 librorum
925 1364 1150 1394 sacrorum
1171 1352 1529 1408 interpretatione
1545 1352 1757 1395 Lv'rnzm
1777 1357 1790 1376 ¹
1810 1352 1878 1409 0),
1909 1361 2034 1409 atque
2055 1351 2156 1393 inde
2177 1348 2266 1393 col·

374 1540 412 1583 8)
442 1536 686 1572 secludenda
703 1539 750 1574 ab
772 1539 843 1576 hac
864 1542 1089 1586 quaestione
1119 1540 1212 1575 mihi
1240 1541 1420 1576 videntur
1444 1541 1556 1575 talia:
1583 1538 1650 1575 sss.
1666 1540 1752 1574 Ital.
1777 1540 1825 1575 13
1843 1565 1854 1583 ,
1881 1540 1981 1577 806,-
2005 1539 2119 1574 subito
2146 1537 2266 1572 vultus

282 1599 486 1632 monstrata
504 1592 668 1628 Lavinia
684 1594 810 1629 traxit.
858 1597 956 1630 Nam
977 1598 1015 1630 in
1035 1607 1149 1641 prosa
1167 1600 1340 1632 oratione
1361 1600 1424 1632 vix
1446 1598 1609 1632 dixeris:
1636 1596 1793 1631 attraxit
1809 1598 1948 1633 vultus.
1993 1598 2065 1632 Est
2093 1596 2154 1631 hic
2169 1596 2268 1631 alius

285 1654 357 1690 sed
377 1653 564 1688 finitimus
586 1663 718 1697 presse
739 1653 920 1699 loque-ndi
941 1655 1095 1696 modus,
1120 1665 1194 1699 quo
1222 1657 1450 1699 pronomina
1469 1653 1532 1698 (in
1551 1666 1587 1689 ne
1606 1656 1739 1697 traxit,
1759 1656 1948 1690 convertit
1964 1656 2048 1698 xz),
2069 1664 2167 1700 quae
2188 1653 2270 1688 len-

283 1717 362 1746 tam
387 1717 427 1746 et
444 1711 622 1756 pinguem
645 1710 847 1745 redditura
866 1714 955 1745 sunt
975 1712 1212 1754 orationem,
1240 1712 1611 1755 praetermittuntur.
1660 1710 1877 1746 Vernacule
1901 1711 2042 1746 haecce
2067 1710 2270 1756 angustius

285 1776 325 1806 et
346 1768 622 1816 propemodum
649 1770 835 1813 grandius
863 1770 1060 1803 dicuntur:
1084 1781 1189 1803 wemz
1210 1770 1257 1802 du
1286 1769 1379 1803 eimt
1404 1768 1657 1811 schemen,
1683 1771 1796 1804 tollen
1819 1780 1948 1804 umere
1968 1767 2163 1803 Gedankeu
2187 1766 2271 1803 dic-It

286 1826 485 1877 begleilen,
510 1836 623 1875 quam
644 1826 676 1862 si
695 1826 910 1863 addideris:
936 1837 1023 1862 von
1048 1837 1072 1861 u
1086 1837 1148 1862 m.
1194 1827 1294 1862 Tum
1315 1826 1418 1863 haud
1439 1827 1570 1864 dubito
1605 1828 1803 1875 equidem,
1828 1827 2031 1863 formulam
2050 1824 2189 1875 vagina
2207 1824 2270 1860 du-

285 1898 368 1921 cere
396 1896 516 1919 ensem
544 1884 638 1927 (Sil.
660 1886 746 1919 Ital.
767 1888 815 1928 8,
842 1886 964 1927 340.)
995 1896 1042 1919 ex
1072 1885 1144 1918 hoc
1172 1896 1317 1929 genere
1340 1888 1524 1921 eximere.
1573 1886 1616 1918 In
1637 1888 1719 1930 ipso
1739 1888 1839 1919 enim
1859 1887 2028 1920 ablativo
2048 1896 2137 1919 casu
2159 1887 2273 1926 inest,

285 1943 388 1991 quod
404 1941 634 1989 praeverbio
652 1953 698 1978 ex
715 1947 757 1977 ut
772 1942 1010 1978 indicaretur
1031 1941 1275 1987 postuiarunt
1292 1942 1364 1977 viri
1387 1942 1502 1977 docti.
1550 1941 1633 1977 Nec
1650 1946 1802 1989 poetam
1822 1941 2103 1988 reprehendes,
2123 1938 2270 1992 opinor,

286 2002 374 2048 qui,
398 1999 501 2046 quod
517 2010 591 2033 uno
611 1998 731 2033 verbo
748 2004 901 2045 posset,
929 1990 1078 2034 drhbus
1100 1999 1222 2034 nollet
1240 2000 1459 2037 enunciare.
1508 1998 1697 2034 Similiter
1720 2001 1898 2036 existimo
1924 1999 2074 2036 deloco
2093 1999 2270 2046 Xenoph-

287 2060 430 2103 Cyrop.
451 2058 487 2098 7,
513 2057 547 2090 l.
567 2049 633 2091 36.
655 2057 742 2097 fluv
755 2056 839 2093 τοὺς
855 2057 1042 2098 πολεμίους
1060 2057 1120 2099 τῆς
1139 2059 1186 2093 εἰς
1203 2058 1246 2090 τὸ
1265 2056 1425 2101 πρόσθεν
1443 2057 1628 2102 προόδου,·
1654 2067 1740 2090 nam
1762 2069 1860 2102 quae
1877 2060 1927 2092 sit
1942 2061 2058 2102 patrii
2079 2069 2190 2094 casus
2208 2067 2272 2098 rut-v

285 2119 388 2157 tura,
407 2114 472 2147 vix
490 2122 718 2158 quemquam
736 2112 849 2159 sugit.
872 2112 1050 2158 Denique
1072 2121 1171 2147 nunc
1187 2122 1260 2145 non
1275 2122 1361 2147 esse
1378 2116 1483 2158 puto,
1507 2114 1571 2160 qui
1592 2123 1675 2148 cum
1693 2114 1892 2149 F1scnsno
1913 2115 1979 2160 (ad
1998 2116 2188 2151 wizzam.
2202 2118 2271 2156 111.

286 2172 337 2207 11.
352 2181 388 2216 p.
401 2170 488 2215 65.)
508 2175 677 2213 censeat,
695 2181 757 2216 ap.
773 2169 967 2215 Aristoph.
984 2169 1082 2206 Plut.
1097 2170 1195 2204 644.
1216 2165 1288 2216 φέρ’
1300 2171 1397 2203 οἶνον
1415 2171 1556 2204 dictum
1578 2182 1664 2206 esse
1684 2183 1752 2217 pro
1772 2174 1981 2218 composito
1994 2174 2123 2221 aliquo
2139 2176 2270 2212 verbo.

287 2228 525 2273 Nosmetipsi
551 2228 590 2261 in
619 2228 843 2274 quotidiano
863 2238 1064 2262 sermone:
1090 2226 1232 2273 bring
1264 2225 1405 2261 Wein.
1452 2227 1550 2263 Nam
1570 2230 1602 2264 si
1620 2229 1711 2274 quid
1730 2229 1825 2266 ferri
1846 2231 2070 2277 simpliciter
2085 2232 2214 2277 iubeo,
2233 2235 2272 2269 in

288 2290 441 2333 promtu
466 2289 527 2320 est
546 2282 683 2330 afferri
697 2286 862 2327 debere,
887 2295 985 2331 quae
1004 2295 1171 2330 poscam.

384 2356 426 2401 9)
451 2354 588 2389 Senec.
615 2366 673 2399 ep.
706 2354 792 2390 58.:
825 2355 1013 2400 quaedam
1042 2355 1230 2399 simplicia
1253 2355 1291 2388 in
1315 2365 1386 2389 usu
1408 2361 1540 2399 erant,
1566 2357 1665 2391 sicut
1683 2356 1948 2405 cernereferro
1976 2359 2078 2395 inter
2103 2372 2145 2396 se
2173 2362 2272 2398 dice-

290 2414 384 2448 bant
406 2434 450 2440 —
471 2434 515 2440 —
542 2412 644 2460 quod
666 2423 765 2446 nunc
785 2412 976 2446 decernere
996 2413 1170 2446 dicimus.
1217 2411 1409 2458 Simplicis
1426 2414 1529 2448 iliius
1546 2415 1654 2449 verbi
1674 2425 1767 2449 usus
1779 2418 1943 2451 omissus
1960 2422 2059 2452 est.“
2084 2439 2127 2445 —
2152 2419 2272 2455 Inter-

292 2470 381 2506 dum
403 2471 563 2514 accidit,
588 2476 629 2505 vt
645 2471 871 2505 vocabulum
896 2471 943 2505 ab
965 2481 1036 2505 usu
1060 2470 1283 2517 quotidiano
1302 2472 1585 2514 intermissum,
1608 2473 1646 2506 in
1666 2483 1741 2507 una
1761 2474 1923 2519 quadam
1942 2470 2107 2511 formula
2133 2478 2273 2525 rctipe-

292 2532 422 2572 retur,
447 2530 546 2564 sicut
563 2528 685 2563 animo
703 2526 821 2574 linqui
839 2527 909 2573 (de
930 2538 1005 2576 quo
1025 2539 1062 2565 v.
1085 2528 1162 2562 vid.
1182 2528 1432 2563 Dor-:nsnmm
1445 2529 1519 2566 iat.
1540 2528 1685 2575 Synon.
1704 2530 1772 2567 111.
1794 2541 1830 2577 p.
1850 2531 1971 2576 291.)

393 2596 460 2643 10)
490 2599 545 2633 ef.
568 2598 641 2632 ler.
669 2597 735 2637 11,
758 2596 793 2633 9,
812 2596 881 2631 wie
897 2597 950 2631 sie
966 2597 1006 2632 in
1025 2597 1126 2630 Juda
1143 2595 1221 2630 siclt
1246 2602 1425 2640 rouen,
1451 2598 1544 2633 Lev.
1569 2599 1632 2641 10,
1660 2599 1696 2635 6.
1715 2599 1776 2634 ihr
1790 2601 1875 2635 nolle
1890 2611 1976 2635 eure
1991 2599 2161 2647 Hiiupter
2174 2602 2278 2638 nicht

293 2652 508 2694 ὸὶὅειεη,
533 2652 675 2687 Ezech.
694 2653 774 2695 46,
804 2652 867 2690 18.
895 2655 965 2689 εοΙΙ
988 2654 1065 2689 rein
1090 2653 1198 2700 eigen
1224 2654 1299 2689 Gut
1325 2654 1402 2703 auf
1423 2654 1523 2690 aeine
1539 2653 1682 2690 Kinder
1708 2656 1863 2702 erben,
1887 2659 1968 2694 Act.
1996 2659 2070 2702 19,
2101 2659 2168 2696 31.
2191 2660 2275 2696 dem

293 2723 334 2747 er
352 2709 433 2746 tiela
455 2709 559 2746 nicht
577 2703 703 2757 ge'be
727 2710 804 2759 auf
818 2711 884 2746 deu
906 2710 1149 2758 Schauplalz‚
1172 2712 1266 2747 Luc.
1293 2714 1363 2757 17,
1391 2715 1429 2749 8.
1456 2711 1667 2748 Sclu'irze
1691 2714 1795 2760 dieb,
1820 2716 1903 2752 lob.
1931 2718 2004 2760 18,
2030 2716 2094 2752 14.
2110 2717 2176 2753 dae
2197 2716 2277 2753 δὴ.
2299 2723 2302 2726 “

292 2769 358 2817 gel
376 2767 475 2805 vird
488 2766 568 2803 siclt
592 2779 625 2803 ιο
637 2778 660 2802 α
672 2769 729 2802 nd
736 2769 776 2802 el
787 2780 812 2804 π
836 2768 903 2804 wie
920 2769 1073 2810 Leinen.
1118 2771 1242 2806 Multa
1260 2772 1338 2807 alia
1355 2771 1627 2818 suppeditabat
1650 2773 1867 2809 Tssnmavs
1888 2776 1926 2810 in
1943 2775 2064 2811 libro:
2088 2775 2284 2814 wenstan&

294 2824 472 2864 Dar-nell.
500 2837 540 2862 n.
569 2824 772 2864 Bmtheit.
800 2826 835 2861 d.
862 2827 1023 2864 «leutsch.
1050 2827 1213 2874 δραι-λι
1243 2827 1284 2864 ii
1306 2826 1468 2866 Luctum
1494 2828 1770 2869 Bibelubemtz.
1816 2830 1920 2871 Berz.
1945 2832 2067 2870 1794.
2102 2834 2140 2869 8.
2171 2823 2274 2873 P..1'.

292 2893 331 2929 p.
352 2884 416 2920 10.
438 2894 514 2930 qq.
